@Book{hottbook,
  author =    {The {Univalent Foundations Program}},
  title =     {Homotopy Type Theory: Univalent Foundations of Mathematics},
  publisher = {\url{https://homotopytypetheory.org/book}},
  address =   {Institute for Advanced Study},
  year =      2013
}
@misc{macor2015brief,
  title={A brief introduction to type theory and the univalence axiom},
  author={Macor, Jackson},
  year={2015}
}
@misc{rijke2022intro,
      title={Introduction to Homotopy Type Theory},
      author={Egbert Rijke},
      year={2022},
      eprint={2212.11082},
      archivePrefix={arXiv},
      primaryClass={math.LO}
}
@article{escardo2019introduction,
  title={Introduction to univalent foundations of mathematics with Agda},
  author={Escard{\'o}, Mart{\'\i}n H{\"o}tzel},
  journal={arXiv preprint arXiv:1911.00580},
  year={2019}
}
@inproceedings{norell2009dependently,
  title={Dependently typed programming in Agda},
  author={Norell, Ulf},
  booktitle={Proceedings of the 4th international workshop on Types in language design and implementation},
  pages={1--2},
  year={2009}
}
@article{vezzosi2021cubical,
  title={Cubical Agda: A dependently typed programming language with univalence and higher inductive types},
  author={Vezzosi, Andrea and M{\"o}rtberg, Anders and Abel, Andreas},
  journal={Journal of Functional Programming},
  volume={31},
  pages={e8},
  year={2021},
  publisher={Cambridge University Press}
}
@misc{cohen2016cubical,
      title={Cubical Type Theory: a constructive interpretation of the univalence axiom}, 
      author={Cyril Cohen and Thierry Coquand and Simon Huber and Anders Mörtberg},
      year={2016},
      eprint={1611.02108},
      archivePrefix={arXiv},
      primaryClass={cs.LO}
}
@misc{coquand2018higher,
      title={On Higher Inductive Types in Cubical Type Theory},
      author={Thierry Coquand and Simon Huber and Anders Mörtberg},
      year={2018},
      eprint={1802.01170},
      archivePrefix={arXiv},
      primaryClass={cs.LO}
}
@Misc{hott-in:coq,
    author = {Voevodsky, Vladimir and Ahrens, Benedikt and Grayson, Daniel and others},
    title = {UniMath --- a computer-checked library of univalent mathematics},
    url = {https://github.com/UniMath/UniMath},
    howpublished = {available at \url{http://unimath.org}},
    doi          = {10.5281/zenodo.7848572},
    url          = {https://doi.org/10.5281/zenodo.7848572}
}
@online{hott-in:agda,
  author={Guillaume Brunerie
    and Kuen-Bang {Hou (Favonia)}
    and Evan Cavallo
    and Tim Baumann
    and Eric Finster
    and Jesper Cockx
    and Christian Sattler
    and Chris Jeris
    and Michael Shulman
    and others},
  title={Homotopy Type Theory in {A}gda},
  url={https://github.com/HoTT/HoTT-Agda}
}
@article{wadler2015props,
    author = {Wadler, Philip},
    title = {Propositions as Types},
    year = {2015},
    issue_date = {December 2015},
    publisher = {Association for Computing Machinery},
    address = {New York, NY, USA},
    volume = {58},
    number = {12},
    issn = {0001-0782},
    url = {https://doi.org/10.1145/2699407},
    doi = {10.1145/2699407},
    abstract = {Connecting mathematical logic and computation, it ensures that some aspects of programming are absolute.},
    journal = {Commun. ACM},
    month = {nov},
    pages = {75–84},
    numpages = {10}
}
@book{martin1984itt,
  title={Intuitionistic type theory},
  author={Martin-L{\"o}f, Per and Sambin, Giovanni},
  volume={9},
  year={1984},
  publisher={Bibliopolis Naples}
}

